<?xml version="1.0" encoding="UTF-8"?><collection xmlns="http://www.loc.gov/MARC21/slim"><record><leader>00636nam--2200193-u-4500</leader><controlfield tag="001">000055731</controlfield><controlfield tag="002">20161230</controlfield><controlfield tag="005">20161230201052</controlfield><controlfield tag="008">130404s1000------------r-----000-0-fre-d</controlfield><datafield ind1=" " ind2=" " tag="040"><subfield code="a">IFIN-HH</subfield></datafield><datafield ind1=" " ind2=" " tag="041"><subfield code="a">fre</subfield></datafield><datafield ind1=" " ind2=" " tag="080"><subfield code="a">541.5(035.3)</subfield></datafield><datafield ind1="1" ind2=" " tag="100"><subfield code="a">Kossel, W</subfield></datafield><datafield ind1="1" ind2="0" tag="245"><subfield code="a">Les firces de valence et les spectres de rontgen. deux memooires sur la structure electronique de l'atome</subfield><subfield code="b">Traduit par m. golay</subfield><subfield code="c">W. kossel</subfield></datafield><datafield ind1=" " ind2=" " tag="260"><subfield code="a">Paris</subfield><subfield code="b">Librairie Scientifique Albert Blanchard</subfield><subfield code="c">1922</subfield></datafield><datafield ind1=" " ind2=" " tag="300"><subfield code="a">70P</subfield></datafield><datafield ind1=" " ind2=" " tag="490"><subfield code="a">Collection De Monographies Scientifiques Entrangeres</subfield><subfield code="v">Vol. Iii</subfield></datafield><datafield ind1=" " ind2=" " tag="852"><subfield code="a">44444</subfield><subfield code="c">H.H</subfield></datafield><datafield ind1=" " ind2=" " tag="CAT"><subfield code="a">Sys</subfield><subfield code="c">20130404</subfield><subfield code="h">110627</subfield></datafield></record></collection>